<?xml version="1.0" encoding="UTF-8" ?>
<record Numero="13918093" format="InterXMarc_Complet" type="Authority">
<leader>00944c0 au2200027   45  <Pos Code="0004">00944</Pos>
<Pos Code="05" Sens="notice modifiée">c</Pos>
<Pos Code="06" Sens="notice validée par les services d&apos;autorité">0</Pos>
<Pos Code="08" Sens="notice d&apos;autorité">a</Pos>
<Pos Code="09" Sens="titre uniforme musical (TUM)">u</Pos>
<Pos Code="10">2</Pos>
<Pos Code="11">2</Pos>
<Pos Code="1216">00027</Pos>
<Pos Code="20">4</Pos>
<Pos Code="21">5</Pos>
</leader>
<controlfield tag="001">FRBNF139180930<Pos Code="0001">FR</Pos>
<Pos Code="0204">BNF</Pos>
<Pos Code="0512">13918093</Pos>
<Pos Code="13">0</Pos>
</controlfield>
<controlfield tag="008">890821150320yyfre op        1752                             010 <Pos Code="0001">89</Pos>
<Pos Code="0203">08</Pos>
<Pos Code="0405">21</Pos>
<Pos Code="0607">15</Pos>
<Pos Code="0809">03</Pos>
<Pos Code="1011">20</Pos>
<Pos Code="1213" Sens="ne s&apos;applique pas">yy</Pos>
<Pos Code="1416" Sens="français">fre</Pos>
<Pos Code="1820" Sens="opéra [drame lyrique => opéra, melodramma => opéra]">op </Pos>
<Pos Code="2831">1752</Pos>
<Pos Code="61" Sens="La vedette peut être liée à une notice bibliographique pour les accès signalétiques et/ou pour l&apos;accès matière RAMEAU">0</Pos>
<Pos Code="62" Sens="La vedette ne peut s&apos;employer qu&apos;en tête de vedette">1</Pos>
<Pos Code="63" Sens="La vedette n&apos;admet pas de subdivision géographique">0</Pos>
</controlfield>
<datafield tag="048" ind1=" " ind2=" ">
	<subfield code="b">va01<Pos Code="0001" Sens="voix - soprano">va</Pos>
<Pos Code="02">0</Pos>
<Pos Code="03">1</Pos>
</subfield>
	<subfield code="b">vd01<Pos Code="0001" Sens="voix - ténor">vd</Pos>
<Pos Code="02">0</Pos>
<Pos Code="03">1</Pos>
</subfield>
	<subfield code="b">ve01<Pos Code="0001" Sens="voix - baryton">ve</Pos>
<Pos Code="02">0</Pos>
<Pos Code="03">1</Pos>
</subfield>
	<subfield code="a">cn01<Pos Code="0001" Sens="choeurs - non spécifié">cn</Pos>
<Pos Code="02">0</Pos>
<Pos Code="03">1</Pos>
</subfield>
	<subfield code="a">og01<Pos Code="0001" Sens="orchestre - orchestre français XVIIe-XVIIIe s.">og</Pos>
<Pos Code="02">0</Pos>
<Pos Code="03">1</Pos>
</subfield>
</datafield>
<datafield tag="100" ind1=" " ind2=" ">
	<subfield code="3">11922879</subfield>
	<subfield code="w">.0..b.....</subfield>
	<subfield code="a">Rousseau</subfield>
	<subfield code="m">Jean-Jacques</subfield>
	<subfield code="d">1712-1778</subfield>
</datafield>
<datafield tag="144" ind1="1" ind2=" ">
	<subfield code="w">....b.fre.</subfield>
	<subfield code="a" Barre="3">Le devin du village</subfield>
</datafield>
<datafield tag="302" ind1=" " ind2=" ">
	<subfield code="3">15820191</subfield>
	<subfield code="a">Rousseau</subfield>
	<subfield code="m">Jean-Jacques</subfield>
	<subfield code="d">1712-1778</subfield>
	<subfield code="t" Barre="4">[Le devin du village. Ouverture]</subfield>
</datafield>
<datafield tag="600" ind1=" " ind2=" ">
	<subfield code="a">Intermède en 1 acte</subfield>
	<subfield code="a">Sur un livret du compositeur</subfield>
	<subfield code="a">1re représentation : Fontainebleau, le 18 octobre 1752</subfield>
	<subfield code="a">1re représentation à l&apos;Académie royale de musique : le 1er mars 1753</subfield>
</datafield>
<datafield tag="608" ind1=" " ind2=" ">
	<subfield code="b">Colette (soprano)</subfield>
	<subfield code="b">Colin (ténor)</subfield>
	<subfield code="b">le devin (baryton)</subfield>
</datafield>
<datafield tag="610" ind1=" " ind2=" ">
	<subfield code="a">Grove music online</subfield>
	<subfield code="u">http://www.grovemusic.com</subfield>
	<subfield code="d">2007-03-23</subfield>
	<subfield code="a">Dictionnaire de la musique en France aux XVIIe et XVIIIe siècles / sous la direction de Marcelle Benoit, 1992</subfield>
</datafield>
<datafield tag="624" ind1=" " ind2=" ">
	<subfield code="a">780<Pos Code="0002" Sens="Musique">780</Pos>
</subfield>
</datafield>
<datafield tag="917" ind1=" " ind2=" ">
	<subfield code="o">OPC</subfield>
	<subfield code="a">100478960</subfield>
</datafield>
<datafield tag="917" ind1=" " ind2=" ">
	<subfield code="o">OPD</subfield>
	<subfield code="a">100441530</subfield>
	<subfield code="b">ATUM</subfield>
</datafield>
<datafield tag="996" ind1=" " ind2=" ">
	<subfield code="o">OPP</subfield>
	<subfield code="a">14817872</subfield>
	<subfield code="d">20070323</subfield>
</datafield>
<datafield tag="996" ind1=" " ind2=" ">
	<subfield code="o">OPP</subfield>
	<subfield code="a">13869360</subfield>
	<subfield code="d">20070323</subfield>
</datafield>
<datafield tag="996" ind1=" " ind2=" ">
	<subfield code="o">OPP</subfield>
	<subfield code="a">13869361</subfield>
	<subfield code="d">20070323</subfield>
</datafield>
<datafield tag="996" ind1=" " ind2=" ">
	<subfield code="o">OPP</subfield>
	<subfield code="a">16304229</subfield>
	<subfield code="d">20150320</subfield>
</datafield>
<Alter Ori="11922879">
<datafield tag="400" ind1=" " ind2=" ">
	<subfield code="w">....b.eng.</subfield>
	<subfield code="a">Rousseau</subfield>
	<subfield code="m">John James</subfield>
	<subfield code="d">1712-1778</subfield>
</datafield>
<datafield tag="400" ind1=" " ind2=" ">
	<subfield code="w">....b.ger.</subfield>
	<subfield code="a">Rousseau</subfield>
	<subfield code="m">Johann Jacob</subfield>
	<subfield code="d">1712-1778</subfield>
</datafield>
<datafield tag="400" ind1=" " ind2=" ">
	<subfield code="w">....bagrm.</subfield>
	<subfield code="a">Roussṓ</subfield>
	<subfield code="m">Iōánnīs Iákōvos</subfield>
	<subfield code="d">1712-1778</subfield>
</datafield>
<datafield tag="400" ind1=" " ind2=" ">
	<subfield code="w">....bagrp.</subfield>
	<subfield code="a">Roussṓ</subfield>
	<subfield code="m">̓Iōánnīs  ̓Iákōvos</subfield>
	<subfield code="d">1712-1778</subfield>
</datafield>
<datafield tag="400" ind1=" " ind2=" ">
	<subfield code="w">....g.grm.</subfield>
	<subfield code="a">Ρουσσώ</subfield>
	<subfield code="m">Ιωάννης Ιάκωβος</subfield>
	<subfield code="d">1712-1778</subfield>
</datafield>
<datafield tag="400" ind1=" " ind2=" ">
	<subfield code="w">....g.grp.</subfield>
	<subfield code="a">Ρουσσώ</subfield>
	<subfield code="m">Ἰωάννης Ἰάκωβος</subfield>
	<subfield code="d">1712-1778</subfield>
</datafield>
<datafield tag="400" ind1=" " ind2=" ">
	<subfield code="w">....b.ita.</subfield>
	<subfield code="a">Rousseau</subfield>
	<subfield code="m">Jan Giacom</subfield>
	<subfield code="d">1712-1778</subfield>
</datafield>
<datafield tag="400" ind1=" " ind2=" ">
	<subfield code="w">....b.pol.</subfield>
	<subfield code="a">Rousseau</subfield>
	<subfield code="m">Jan Jakób</subfield>
	<subfield code="d">1712-1778</subfield>
</datafield>
<datafield tag="400" ind1=" " ind2=" ">
	<subfield code="w">....b.spa.</subfield>
	<subfield code="a">Rousseau</subfield>
	<subfield code="m">Juan Jacobo</subfield>
	<subfield code="d">1712-1778</subfield>
</datafield>
<datafield tag="031" ind1=" " ind2=" ">
	<subfield code="a">0000000121451116</subfield>
	<subfield code="2" Sens="ISNI chargé à partir de VIAF">VIAF</subfield>
	<subfield code="d">20130724<Pos Code="0003">2013</Pos>
<Pos Code="0407" Sens="24 juillet">0724</Pos>
</subfield>
</datafield>
</Alter>
<Attr Nom="IDPerenne">ark:/12148/cb139180933</Attr>
<Attr Nom="NumSource">OPC 100478960</Attr>
<Attr Nom="Source" Sens="BnF catalogue général (depuis 1999)">A</Attr>
<Attr Nom="NumAutoriteLiee">1192287915820191</Attr>
<Attr Nom="DateCreation">21/08/ 1989</Attr>
<Attr Nom="ResponsableCreation">MIGV2</Attr>
<Attr Nom="StructCreation">1</Attr>
<Attr Nom="DateDerniereValidation">20/03/ 2015</Attr>
<Attr Nom="ResponsableDerniereValidation">PUYRENIER FREDERIC</Attr>
<Attr Nom="StructPremiereValidation">1</Attr>
<Attr Nom="DatePremiereValidation">21/08/ 1989</Attr>
<Attr Nom="ResponsablePremiereValidation">MIGV2</Attr>
<Attr Nom="StructDerniereValidation">82</Attr>
<Attr Nom="NumSource" Rep="1">OPD 100441530</Attr>
<Attr Nom="NumSource" Rep="2">OPP 14817872</Attr>
<Attr Nom="NumSource" Rep="3">OPP 13869360</Attr>
<Attr Nom="NumSource" Rep="4">OPP 13869361</Attr>
<Attr Nom="NumSource" Rep="5">OPP 16304229</Attr>
</record>
